@ARTICLE{phase-adia,
       author = {{Berry}, M.~V.},
        title = "{Quantal Phase Factors Accompanying Adiabatic Changes}",
      journal = {Proceedings of the Royal Society of London Series A},
         year = 1984,
        month = mar,
       volume = {392},
       number = {1802},
        pages = {45-57},
          doi = {10.1098/rspa.1984.0023},
       adsurl = {https://ui.adsabs.harvard.edu/abs/1984RSPSA.392...45B},
      adsnote = {Provided by the SAO/NASA Astrophysics Data System}
      }
      
      
@ARTICLE{klitz_method,
  title = {New Method for High-Accuracy Determination of the Fine-Structure Constant Based on Quantized Hall Resistance},
  author = {Klitzing, K. v. and Dorda, G. and Pepper, M.},
  journal = {Phys. Rev. Lett.},
  volume = {45},
  issue = {6},
  pages = {494--497},
  numpages = {0},
  year = {1980},
  month = {Aug},
  publisher = {American Physical Society},
  doi = {10.1103/PhysRevLett.45.494},
  url = {https://link.aps.org/doi/10.1103/PhysRevLett.45.494}
}


@inbook{qhe-res,
author = {Jeckelmann, Beat and Jeanneret, Blaise},
year = {2006},
month = {01},
pages = {55-131},
title = {The Quantum Hall Effect as an Electrical Resistance Standard},
volume = {14},
isbn = {978-3-7643-7300-9},
journal = {Measurement Science & Technology - MEAS SCI TECHNOL},
doi = {10.1007/3-7643-7393-8_3}
}

@ARTICLE{qhe-plot,
  author = {The University of Manchester},
  title = {Advanced Quantum Mechanics 2},
  url = {http://oer.physics.manchester.ac.uk/AQM2/Notes/Notes-4.4.html},
  urldate = {27-03-2022}
}

@ARTICLE{tong_notes,
  author = {Tong, David},
  title = {Lectures on the Quantum Hall Effect},
  year = 2016,
  urldate = {29-03-2022},
  doi = {10.48550/ARXIV.1606.06687},
  url = {https://arxiv.org/abs/1606.06687},
}
@article{quantal_phase,
author = {Berry, Michael Victor },
title = {Quantal phase factors accompanying adiabatic changes},
journal = {Proceedings of the Royal Society of London. A. Mathematical and Physical Sciences},
volume = {392},
number = {1802},
pages = {45-57},
year = {1984},
doi = {10.1098/rspa.1984.0023},

URL = {https://royalsocietypublishing.org/doi/abs/10.1098/rspa.1984.0023},
eprint = {https://royalsocietypublishing.org/doi/pdf/10.1098/rspa.1984.0023},
}
@article{doi:10.1063/1.2776371,
author = {Schopfer,F.  and Poirier,W. },
title = {Testing universality of the quantum Hall effect by means of the Wheatstone bridge},
journal = {Journal of Applied Physics},
volume = {102},
number = {5},
pages = {054903},
year = {2007},
doi = {10.1063/1.2776371},
URL = { 
        https://doi.org/10.1063/1.2776371
},
eprint = { 
        https://doi.org/10.1063/1.2776371
}
}
@article{Metrology,
author = {von Klitzing, Klaus },
title = {Metrology in 2019},
journal = {Nature Physics},
volume = {13},
number = {198},

year = {2017},
doi = {10.1038/nphys4029},

URL = {https://doi.org/10.1038/nphys4029},

}
@article{RevModPhys.82.3045,
  title = {Colloquium: Topological insulators},
  author = {Hasan, M. Z. and Kane, C. L.},
  journal = {Rev. Mod. Phys.},
  volume = {82},
  issue = {4},
  pages = {3045--3067},
  numpages = {0},
  year = {2010},
  month = {Nov},
  publisher = {American Physical Society},
  doi = {10.1103/RevModPhys.82.3045},
  url = {https://link.aps.org/doi/10.1103/RevModPhys.82.3045}
}
@article{Moore2010,
author = {Moore, Joel E },
title = {The birth of topological insulators},
journal = {Nature},
volume = {464},
number = {194-198},

year = {2010},
doi = {10.1038/nature08916},

URL = {https://doi.org/10.1038/nature08916},

}